@article{vardi-cacm-2014,
	 author = {Vardi, Moshe Y.},
	  title = {Open, Closed, or Clopen Access?},
	   journal = {Commun. ACM},
	    issue_date = {July 2009},
	     volume = {52},
	      number = {7},
	       month = jul,
	        year = {2009},
		 issn = {0001-0782},
		  pages = {5--5},
		   numpages = {1},
		    url = {http://doi.acm.org/10.1145/1538788.1538789},
		     doi = {10.1145/1538788.1538789},
		      acmid = {1538789},
		       publisher = {ACM},
		        address = {New York, NY, USA},
} 


@INPROCEEDINGS{crick-et-al_wssspe2,
  author = {Tom Crick and Benjamin A. Hall and Samin Ishtiaq},
  title = {{``Can I Implement Your Algorithm?'': A Model for Reproducible Research Software}},
  booktitle = {{Proceedings of 2nd International Workshop on Sustainable Software for Science: Practice and Experiences (WSSSPE2)}},
  year = {2014}
}

@INPROCEEDINGS{crick-et-al_recomp2014,
  author = {Tom Crick and Benjamin A. Hall and Samin Ishtiaq and Kenji Takeda},
  title = {{``Share and Enjoy'': Publishing Useful and Usable Scientific Models}},
  booktitle = {{Proceedings of 1st International Workshop on Recomputability}},
  year = {2014}
}

@Unpublished{gent:2013,
  author = 	 {Ian P. Gent},
  title = 	 {{The Recomputation Manifesto}},
  note = 	 {Available from: \url{http://arxiv.org/abs/1304.3674}},
  month = 	 {April},
  year = 	 {2013}
}

@Article{stodden-et-al:2013,
  author = 	 {Victoria Stodden and Peixuan Guo and Zhaokun Ma},
  title = 	 {{Toward Reproducible Computational Research: An Empirical Analysis of Data and Code Policy Adoption by Journals}},
  journal = 	 {{PLoS ONE}},
  year = 	 {2013},
  volume = 	 {8},
  number = 	 {6}
}

@Article{sandve-et-al:2013,
  author = 	 {{Geir Kjetil} Sandve and Anton Nekrutenko and James Taylor and Eivind Hovig},
  title = 	 {{Ten Simple Rules for Reproducible Computational Research}},
  journal = 	 {{PLoS Computational Biology}},
  year = 	 {2013},
  volume = 	 {9},
  number = 	 {10}
}

@InProceedings{fursin+dubach:2014,
  author = 	 {Grigori Fursin and Christophe Dubach},
  title = 	 {{Community-Driven Reviewing and Validation of Publications}},
  booktitle = {{Proceedings of the 1st ACM SIGPLAN Workshop on Reproducible Research Methodologies and New Publication Models in Computer Engineering (TRUST'14)}},
  pages = 	 {1--4},
  year = 	 {2014},
  publisher =    {ACM Press}
}

@Article{chambers-et-al:2014,
  author = 	 {Christopher D. Chambers and Eva Feredoes and Suresh D. Muthukumaraswamy and Peter J. Etchells},
  title = 	 {{Instead of ``playing the game'' it is time to change the rules: Registered Reports at AIMS Neuroscience and beyond}},
  journal = 	 {{AIMS Neuroscience}},
  year = 	 {2014},
  volume = 	 {1},
  number = 	 {1},
  pages = 	 {4--17}
}
